<?xml version="1.0" encoding="UTF-8"?><record xmlns="http://www.loc.gov/MARC21/slim" xmlns:cinclude="http://apache.org/cocoon/include/1.0" xmlns:zs="http://www.loc.gov/zing/srw/">
  <leader>00820cz  a2200205n  4500</leader>
  <controlfield tag="001">n  86724390 </controlfield>
  <controlfield tag="003">DLC</controlfield>
  <controlfield tag="005">19890202163131.9</controlfield>
  <controlfield tag="008">881114n| acaabaaa|          |a ana |||  </controlfield>
  <datafield tag="010" ind1=" " ind2=" ">
    <subfield code="a">n  86724390 </subfield>
  </datafield>
  <datafield tag="040" ind1=" " ind2=" ">
    <subfield code="a">DLC</subfield>
    <subfield code="c">DLC</subfield>
    <subfield code="d">DLC</subfield>
  </datafield>
  <datafield tag="130" ind1=" " ind2="0">
    <subfield code="a">Serie Estudios (Peru. Comisión Especial de Seguridad Alimentaria. Secretaría Técnica)</subfield>
  </datafield>
  <datafield tag="410" ind1="1" ind2="0">
    <subfield code="a">Peru.</subfield>
    <subfield code="b">Comisión Especial de Seguridad Alimentaria.</subfield>
    <subfield code="b">Secretaría Técnica.</subfield>
    <subfield code="t">Serie Estudios</subfield>
  </datafield>
  <datafield tag="430" ind1=" " ind2="0">
    <subfield code="a">Estudios (Peru. Comisión Especial de Seguridad Alimentaria. Secretaría Técnica)</subfield>
  </datafield>
  <datafield tag="643" ind1=" " ind2=" ">
    <subfield code="a">Lima, Peru</subfield>
    <subfield code="b">Presidencia de la República, Instituto Nacional de Planificación, Secretaría Técnica de Seguridad Alimentaria</subfield>
  </datafield>
  <datafield tag="644" ind1=" " ind2=" ">
    <subfield code="a">f</subfield>
    <subfield code="5">DLC</subfield>
  </datafield>
  <datafield tag="645" ind1=" " ind2=" ">
    <subfield code="a">t</subfield>
    <subfield code="5">DLC</subfield>
  </datafield>
  <datafield tag="646" ind1=" " ind2=" ">
    <subfield code="a">s</subfield>
    <subfield code="5">DLC</subfield>
  </datafield>
  <datafield tag="667" ind1=" " ind2=" ">
    <subfield code="a">Document</subfield>
  </datafield>
  <datafield tag="670" ind1=" " ind2=" ">
    <subfield code="a">Canasta básica, 1988:</subfield>
    <subfield code="b">back cover</subfield>
  </datafield>
</record>